<?xml version="1.0" encoding="UTF-8"?><collection xmlns="http://www.loc.gov/MARC21/slim"><record><leader>00878nam--2200193-u-4500</leader><controlfield tag="001">000056173</controlfield><controlfield tag="002">20161230</controlfield><controlfield tag="005">20170115222703</controlfield><controlfield tag="008">150108s1000------------r-----000-0-eng-d</controlfield><datafield ind1=" " ind2=" " tag="040"><subfield code="a">IFIN-HH</subfield></datafield><datafield ind1=" " ind2=" " tag="080"><subfield code="a">524.83(061.3)</subfield></datafield><datafield ind1="1" ind2=" " tag="110"><subfield code="a">Societa Italiana Di Fisica</subfield></datafield><datafield ind1="1" ind2="0" tag="245"><subfield code="a">Redinconti della Scuola Internationale di Fisica Enrico Fermi. Corso cv: raffronto fra teorie e osservazioni in cosmologia: statoattuale e programmi futuri. Confrontation between theories and observations in cosmology: present status and future programmes. Varenna Sul Lago di Como Villa Monastero 21-31 Luglio 1987</subfield><subfield code="c">J. Audouze, F. Melchiori</subfield></datafield><datafield ind1=" " ind2=" " tag="260"><subfield code="a">Amsterdam</subfield><subfield code="b">North-Holland Publishing Company</subfield><subfield code="c">1990</subfield></datafield><datafield ind1=" " ind2=" " tag="300"><subfield code="a">XIV+455 p</subfield></datafield><datafield ind1=" " ind2=" " tag="490"><subfield code="a">Proceedings Of The International School Of Physics Enrico Fermi Course Cv</subfield></datafield><datafield ind1="1" ind2=" " tag="700"><subfield code="a">Melchiori, F</subfield></datafield><datafield ind1=" " ind2=" " tag="852"><subfield code="a">1874</subfield><subfield code="c">53</subfield></datafield><datafield ind1=" " ind2=" " tag="CAT"><subfield code="a">SYS</subfield><subfield code="c">20170115</subfield><subfield code="h">222703</subfield></datafield></record></collection>